<?xml version="1.0" encoding="UTF-8"?><record xmlns="http://www.loc.gov/MARC21/slim" xmlns:cinclude="http://apache.org/cocoon/include/1.0" xmlns:zs="http://www.loc.gov/zing/srw/">
  <leader>00364nz  a2200121n  4500</leader>
  <controlfield tag="001">n 2004018934</controlfield>
  <controlfield tag="003">DLC</controlfield>
  <controlfield tag="005">20041117124948.0</controlfield>
  <controlfield tag="008">041117n| acannaabn          |n aaa      </controlfield>
  <datafield tag="010" ind1=" " ind2=" ">
    <subfield code="a">n 2004018934</subfield>
  </datafield>
  <datafield tag="040" ind1=" " ind2=" ">
    <subfield code="a">DLC</subfield>
    <subfield code="b">eng</subfield>
    <subfield code="c">DLC</subfield>
  </datafield>
  <datafield tag="100" ind1="1" ind2=" ">
    <subfield code="a">Schalin, Monica,</subfield>
    <subfield code="d">1928-</subfield>
  </datafield>
  <datafield tag="670" ind1=" " ind2=" ">
    <subfield code="a">Schalin, Monica. MaĚlarpoeten Ellen Thesleff, 2004:</subfield>
    <subfield code="b">t.p. (Monica Schalin) p. 2 of cover (b. 1928)</subfield>
  </datafield>
</record>